<collection xmlns="http://www.loc.gov/MARC21/slim">
<record>
  <leader>01110nam0a2200229 i 450 </leader>
  <controlfield tag="001">IT\ICCU\CNCE\040281</controlfield>
  <controlfield tag="005">20070117000000.0</controlfield>
  <datafield tag="012" ind1=" " ind2=" ">
    <subfield code="a">l-i- dip- mati scle (3) 1573 (R)</subfield>
    <subfield code="2">fei</subfield>
  </datafield>
  <datafield tag="100" ind1=" " ind2=" ">
    <subfield code="a">19981117d1573        0itac0103    ba</subfield>
  </datafield>
  <datafield tag="101" ind1=" " ind2=" ">
    <subfield code="a">ITA</subfield>
  </datafield>
  <datafield tag="102" ind1=" " ind2=" ">
    <subfield code="a">IT</subfield>
  </datafield>
  <datafield tag="200" ind1="1" ind2=" ">
    <subfield code="a">Constitutioni de li poueri eremiti di S. Hieronymo chiamati della Congregazione del beato Pietro da Pisa, recognite, corrette e reuiste l&apos;anno MDLXX in Padoua</subfield>
  </datafield>
  <datafield tag="210" ind1=" " ind2=" ">
    <subfield code="a">In Roma</subfield>
    <subfield code="c">appresso li heredi d&apos;Antonio Blado stampatori camerali</subfield>
    <subfield code="d">1573</subfield>
  </datafield>
  <datafield tag="215" ind1=" " ind2=" ">
    <subfield code="a">\4!, 36, \4! p.</subfield>
    <subfield code="c">ill.</subfield>
    <subfield code="d">4ʻ</subfield>
  </datafield>
  <datafield tag="620" ind1=" " ind2=" ">
    <subfield code="a">IT</subfield>
    <subfield code="d">Roma</subfield>
  </datafield>
  <datafield tag="710" ind1="0" ind2="2">
    <subfield code="a">Eremiti di Fra Pietro da Pisa</subfield>
    <subfield code="3">11085</subfield>
  </datafield>
  <datafield tag="712" ind1="0" ind2="0">
    <subfield code="a">Blado, Antonio - eredi</subfield>
    <subfield code="3">IT\ICCU\CNCT\000148</subfield>
    <subfield code="4">650</subfield>
  </datafield>
  <datafield tag="791" ind1="0" ind2="2">
    <subfield code="a">Fratres eremitae sacri Hieronymi Congregationis b. Petri de Pisis</subfield>
    <subfield code="3">15511</subfield>
    <subfield code="z">Eremiti di Fra Pietro da Pisa</subfield>
  </datafield>
  <datafield tag="791" ind1="0" ind2="2">
    <subfield code="a">Ordo heremitarum sancti Hieronymi Congregationis beati Petri de Pisis</subfield>
    <subfield code="3">15512</subfield>
    <subfield code="z">Eremiti di Fra Pietro da Pisa</subfield>
  </datafield>
  <datafield tag="791" ind1="0" ind2="2">
    <subfield code="a">Poveri eremiti di s. Girolamo</subfield>
    <subfield code="3">15513</subfield>
    <subfield code="z">Eremiti di Fra Pietro da Pisa</subfield>
  </datafield>
  <datafield tag="801" ind1=" " ind2="3">
    <subfield code="a">IT</subfield>
    <subfield code="b">ICCU</subfield>
    <subfield code="c">20201114</subfield>
  </datafield>
  <datafield tag="899" ind1=" " ind2=" ">
    <subfield code="a">Biblioteca nazionale centrale. Roma</subfield>
    <subfield code="1">RM0267</subfield>
    <subfield code="2">BVE CR</subfield>
  </datafield>
</record>
</collection>
